@online{joyner2016a,
    author = {David Joyner},
    title = {Exercise: Evaluation Pros and Cons},
    url  = {https://classroom.udacity.com/courses/ud400/lessons/9753906972/concepts/97594129880923},
    addendum = {(accessed: 10.07.2021)},
    publisher = {Udacity},
    year = {2016a}
}

@online{joyner2016b,
    author = {David Joyner},
    title = {Quantitative Data and Empirical Tests},
    url  = {https://classroom.udacity.com/courses/ud400/lessons/9753906972/concepts/5b6619b7-b1e3-47ac-beac-f5d5377d3151},
    addendum = {(accessed: 10.07.2021)},
    publisher = {Udacity},
    year = {2016b}
}

@online{joyner2016c,
    author = {David Joyner},
    title = {5 Tips: Empirical Evaluation},
    url  = {https://classroom.udacity.com/courses/ud400/lessons/9753906972/concepts/97594129830923},
    addendum = {(accessed: 10.07.2021)},
    publisher = {Udacity},
    year = {2016c}
}

@online{joyner2016d,
    author = {David Joyner},
    title = {Cognitive Task Analysis},
    url  = {https://classroom.udacity.com/courses/ud400/lessons/9438503139/concepts/94303133490923},
    addendum = {(accessed: 10.07.2021)},
    publisher = {Udacity},
    year = {2016d}
}