@online{joyner2016a,
    author = {David Joyner},
    title = {5 Tips: Individual Brainstorming},
    url  = {https://classroom.udacity.com/courses/ud400/lessons/9699040074/concepts/97107612320923},
    addendum = {(accessed: 25.06.2021)},
    publisher = {Udacity},
    year = {2016}
}

@online{joyner2016b,
    author = {David Joyner},
    title = {Exercise: Prototyping Pros and Cons},
    url  = {https://classroom.udacity.com/courses/ud400/lessons/9746400611/concepts/97444111280923},
    addendum = {(accessed: 25.06.2021)},
    publisher = {Udacity},
    year = {2016}
}