@online{joyner2020,
  author    = {Joyner, D. A.},
  title     = {Designing with the Three Views},
  url       = {https://classroom.udacity.com/courses/ud400/lessons/9044917867/concepts/073deac0-9e73-4eae-9b3a-01ae17bf7e4e},
  year      = {2020}
}
