@online{joyner2016a,
    author = {David Joyner},
    title = {Exercise: Evaluation Pros and Cons},
    url  = {https://classroom.udacity.com/courses/ud400/lessons/9753906972/concepts/97594129880923},
    addendum = {(accessed: 30.07.2021)},
    publisher = {Udacity},
    year = {2016a}
}

@online{joyner2016b,
    author = {David Joyner},
    title = {Quantitative Data and Empirical Tests},
    url  = {https://classroom.udacity.com/courses/ud400/lessons/9753906972/concepts/5b6619b7-b1e3-47ac-beac-f5d5377d3151},
    addendum = {(accessed: 30.07.2021)},
    publisher = {Udacity},
    year = {2016b}
}

@online{joyner2016c,
    author = {David Joyner},
    title = {5 Tips: Interviews},
    url  = {https://classroom.udacity.com/courses/ud400/lessons/9662642568/concepts/97510951660923},
    addendum = {(accessed: 30.07.2021)},
    publisher = {Udacity},
    year = {2016c}
}

@online{joyner2016d,
    author = {David Joyner},
    title = {Data Inventory},
    url  = {https://classroom.udacity.com/courses/ud400/lessons/9662642568/concepts/96550826820923},
    addendum = {(accessed: 30.07.2021)},
    publisher = {Udacity},
    year = {2016d}
}

@online{joyner2016e,
    author = {David Joyner},
    title = {Other Sets of Principles},
    url  = {https://classroom.udacity.com/courses/ud400/lessons/9296683706/concepts/92967534060923},
    addendum = {(accessed: 30.07.2021)},
    publisher = {Udacity},
    year = {2016e}
}