@online{joyner2016,
    author = {David Joyner},
    title = {Cognitive Task Analysis},
    url  = {https://classroom.udacity.com/courses/ud400/lessons/9438503139/concepts/94303133490923},
    addendum = {(accessed: 21.07.2021)},
    publisher = {Udacity},
    year = {2016}
}