@online{joyner2016a,
    author = {David Joyner},
    title = {GOMS Model},
    url  = {https://classroom.udacity.com/courses/ud400/lessons/9438503139/concepts/94303133420923},
    addendum = {(accessed: 03.07.2021)},
    publisher = {Udacity},
    year = {2016a}
}

@online{joyner2016b,
    author = {David Joyner},
    title = {Cognitive Task Analysis},
    url  = {https://classroom.udacity.com/courses/ud400/lessons/9438503139/concepts/94303133490923},
    addendum = {(accessed: 03.07.2021)},
    publisher = {Udacity},
    year = {2016b}
}